run_name,train_dataset,eval_dataset,smoke_test,model_name,train_size,num_epochs,effective_batch_size,max_seq_length,learning_rate,wall_clock_min,peak_cuda_memory_gb,throughput_examples_per_sec,trainable_params,train_loss_final,accuracy,f1_pos,f1_macro,precision_pos,recall_pos,eval_n_examples,eval_seconds,adapter_path,started_at,finished_at,git_head,hostname,slurm_job_id,train_jsonl_sha256,splits_manifest_sha256,label_str_0,label_str_1
qlora_beads_100,beads,beads,False,meta-llama/Llama-3.1-8B-Instruct,100,3.0,16,512,0.0002,0.466,12.973,10.73,41943040,2.0033292259488786,0.49911971830985913,0.6656874265569918,0.333720906260952,0.4991922455573506,0.9988245665589186,6816,181.248,outputs/qlora_beads_100/adapter,2026-05-16T21:06:17.900336+00:00,2026-05-16T21:06:45.859257+00:00,,g006,117767,09681c11a099daf959531acc743bdb74130104ada4ee9924ed27fa34182311f5,3013f0983d6fdc8a00f7bcc3dca15c09e2a33ae4c4cd227204d23653cf512c2d,non-biased,biased
qlora_beads_500,beads,beads,False,meta-llama/Llama-3.1-8B-Instruct,500,3.0,16,512,0.0002,2.082,14.571,12.006,41943040,1.4513912002245586,0.684419014084507,0.7110812625923438,0.6817084024291928,0.6548738248391885,0.7778430796356156,6816,178.514,outputs/qlora_beads_500/adapter,2026-05-16T21:06:18.011377+00:00,2026-05-16T21:08:22.944932+00:00,,g006,117768,5575a832ea4a9d93e7b31768cd6944e1e4d756423faa5ff6fc31114cbc20552c,3013f0983d6fdc8a00f7bcc3dca15c09e2a33ae4c4cd227204d23653cf512c2d,non-biased,biased
qlora_cajcodes_full,cajcodes,cajcodes,False,meta-llama/Llama-3.1-8B-Instruct,525,3.0,16,512,0.0002,2.016,10.327,13.022,41943040,0.37795286467581085,0.9696969696969697,0.9777777777777777,0.965079365079365,1.0,0.9565217391304348,66,1.267,outputs/qlora_cajcodes_full/adapter,2026-05-19T22:10:18.674018+00:00,2026-05-19T22:12:19.627674+00:00,,g002,119291,065854f3395cce161eca20cbcb66cbe85e91bc9a5c7039f66d752d0615365b67,55cd64b0638966c96ee101ddde4f257a1f04da187f9c03cfe4bcafde7ade9701,non-biased,biased
qlora_cajcodes_full__on__babe,cajcodes,babe,False,meta-llama/Llama-3.1-8B-Instruct,525,3.0,16,512,0.0002,2.016,10.327,13.022,41943040,0.37795286467581085,0.5883777239709443,0.7301587301587301,0.43140589569161,0.575,1.0,413,8.139,outputs/qlora_cajcodes_full/adapter,2026-05-19T22:10:18.674018+00:00,2026-05-19T22:12:19.627674+00:00,,g002,119291,065854f3395cce161eca20cbcb66cbe85e91bc9a5c7039f66d752d0615365b67,55cd64b0638966c96ee101ddde4f257a1f04da187f9c03cfe4bcafde7ade9701,non-biased,biased
qlora_cajcodes_full__on__beads,cajcodes,beads,False,meta-llama/Llama-3.1-8B-Instruct,525,3.0,16,512,0.0002,2.016,10.327,13.022,41943040,0.37795286467581085,0.4223884976525822,0.5741481882098431,0.33836199016145224,0.45429647381033894,0.7799000881575081,6816,183.304,outputs/qlora_cajcodes_full/adapter,2026-05-19T22:10:18.674018+00:00,2026-05-19T22:12:19.627674+00:00,,g002,119291,065854f3395cce161eca20cbcb66cbe85e91bc9a5c7039f66d752d0615365b67,55cd64b0638966c96ee101ddde4f257a1f04da187f9c03cfe4bcafde7ade9701,non-biased,biased
qlora_cajcodes_full__on__cajcodes,cajcodes,cajcodes,False,meta-llama/Llama-3.1-8B-Instruct,525,3.0,16,512,0.0002,2.016,10.327,13.022,41943040,0.37795286467581085,0.9696969696969697,0.9777777777777777,0.965079365079365,1.0,0.9565217391304348,66,1.37,outputs/qlora_cajcodes_full/adapter,2026-05-19T22:10:18.674018+00:00,2026-05-19T22:12:19.627674+00:00,,g002,119291,065854f3395cce161eca20cbcb66cbe85e91bc9a5c7039f66d752d0615365b67,55cd64b0638966c96ee101ddde4f257a1f04da187f9c03cfe4bcafde7ade9701,non-biased,biased
qlora_cajcodes_full__on__wnc,cajcodes,wnc,False,meta-llama/Llama-3.1-8B-Instruct,525,3.0,16,512,0.0002,2.016,10.327,13.022,41943040,0.37795286467581085,0.5571959061679196,0.6371799628942486,0.5345769687830138,0.5396605908233815,0.7777173913043478,11041,190.92,outputs/qlora_cajcodes_full/adapter,2026-05-19T22:10:18.674018+00:00,2026-05-19T22:12:19.627674+00:00,,g002,119291,065854f3395cce161eca20cbcb66cbe85e91bc9a5c7039f66d752d0615365b67,55cd64b0638966c96ee101ddde4f257a1f04da187f9c03cfe4bcafde7ade9701,non-biased,biased
qlora_beads_1k,beads,beads,False,meta-llama/Llama-3.1-8B-Instruct,1000,3.0,16,512,0.0002,4.059,14.571,12.317,41943040,1.3614814546373155,0.6980633802816901,0.7107925801011804,0.6974773213581409,0.6811203878265554,0.7431677931237144,6816,179.31,outputs/qlora_beads_1k/adapter,2026-05-16T21:06:18.165587+00:00,2026-05-16T21:10:21.731137+00:00,,g006,117769,d902613f66d5d9bf4689a355d5caae346f1db6c3046c087f99260708b22ff0c2,3013f0983d6fdc8a00f7bcc3dca15c09e2a33ae4c4cd227204d23653cf512c2d,non-biased,biased
qlora_babe_full,babe,babe,False,meta-llama/Llama-3.1-8B-Instruct,3296,3.0,16,512,0.0002,12.893,11.241,12.782,41943040,0.801743227301292,0.8668280871670703,0.8822269807280514,0.8645118190548335,0.869198312236287,0.8956521739130435,413,7.989,outputs/qlora_babe_full/adapter,2026-05-19T22:09:02.657562+00:00,2026-05-19T22:21:56.260678+00:00,,g003,119290,932f497a1d201852be72e08df5facc6c5d0149121467f9307386966c7b35355b,664be60ac01e7b47bb333c8c9c12a3dadad5f722338da2552375a580ce7c233d,non-biased,biased
qlora_babe_full__on__babe,babe,babe,False,meta-llama/Llama-3.1-8B-Instruct,3296,3.0,16,512,0.0002,12.893,11.241,12.782,41943040,0.801743227301292,0.8668280871670703,0.8822269807280514,0.8645118190548335,0.869198312236287,0.8956521739130435,413,8.336,outputs/qlora_babe_full/adapter,2026-05-19T22:09:02.657562+00:00,2026-05-19T22:21:56.260678+00:00,,g003,119290,932f497a1d201852be72e08df5facc6c5d0149121467f9307386966c7b35355b,664be60ac01e7b47bb333c8c9c12a3dadad5f722338da2552375a580ce7c233d,non-biased,biased
qlora_babe_full__on__beads,babe,beads,False,meta-llama/Llama-3.1-8B-Instruct,3296,3.0,16,512,0.0002,12.893,11.241,12.782,41943040,0.801743227301292,0.3789612676056338,0.48784029038112525,0.34956575726434685,0.4146441793500617,0.5924184543050249,6816,182.51,outputs/qlora_babe_full/adapter,2026-05-19T22:09:02.657562+00:00,2026-05-19T22:21:56.260678+00:00,,g003,119290,932f497a1d201852be72e08df5facc6c5d0149121467f9307386966c7b35355b,664be60ac01e7b47bb333c8c9c12a3dadad5f722338da2552375a580ce7c233d,non-biased,biased
qlora_babe_full__on__cajcodes,babe,cajcodes,False,meta-llama/Llama-3.1-8B-Instruct,3296,3.0,16,512,0.0002,12.893,11.241,12.782,41943040,0.801743227301292,0.42424242424242425,0.32142857142857145,0.4107142857142857,0.9,0.1956521739130435,66,1.371,outputs/qlora_babe_full/adapter,2026-05-19T22:09:02.657562+00:00,2026-05-19T22:21:56.260678+00:00,,g003,119290,932f497a1d201852be72e08df5facc6c5d0149121467f9307386966c7b35355b,664be60ac01e7b47bb333c8c9c12a3dadad5f722338da2552375a580ce7c233d,non-biased,biased
qlora_babe_full__on__wnc,babe,wnc,False,meta-llama/Llama-3.1-8B-Instruct,3296,3.0,16,512,0.0002,12.893,11.241,12.782,41943040,0.801743227301292,0.5632641970835975,0.3753886010362694,0.5198207453029836,0.6586363636363637,0.2625,11041,190.719,outputs/qlora_babe_full/adapter,2026-05-19T22:09:02.657562+00:00,2026-05-19T22:21:56.260678+00:00,,g003,119290,932f497a1d201852be72e08df5facc6c5d0149121467f9307386966c7b35355b,664be60ac01e7b47bb333c8c9c12a3dadad5f722338da2552375a580ce7c233d,non-biased,biased
qlora_beads_5k,beads,beads,False,meta-llama/Llama-3.1-8B-Instruct,5000,3.0,16,512,0.0002,18.586,14.571,13.451,41943040,1.2057284364304222,0.758362676056338,0.7568285840838624,0.7583530586259815,0.7605341246290801,0.7531589773729063,6816,180.381,outputs/qlora_beads_5k/adapter,2026-05-16T21:06:19.312102+00:00,2026-05-16T21:24:54.445811+00:00,,g006,117770,d859c50c8f2aca214506b742e4604a1fc03a90b7e814fd78ebebc8e29fe32baf,3013f0983d6fdc8a00f7bcc3dca15c09e2a33ae4c4cd227204d23653cf512c2d,non-biased,biased
qlora_beads_full,beads,beads,False,meta-llama/Llama-3.1-8B-Instruct,27263,3.0,16,512,0.0002,99.074,14.571,13.759,41943040,1.1558213279653975,0.7987089201877934,0.797938144329897,0.798705991194472,0.7998228520814881,0.7960622979723773,6816,181.144,outputs/qlora_beads_full/adapter,2026-05-19T22:32:08.616658+00:00,2026-05-20T00:11:13.071459+00:00,,g023,119304,dc43cc19a568ba964d81e6751db20799371fc692f945d4fb87e18a69620c14c7,b7f5952b3b12fd0ab7a674008e850935c8634393e99bd662ce976ae5223145d4,non-biased,biased
qlora_beads_full__on__babe,beads,babe,False,meta-llama/Llama-3.1-8B-Instruct,27263,3.0,16,512,0.0002,99.074,14.571,13.759,41943040,1.1558213279653975,0.31234866828087166,0.11801242236024845,0.2772601794340925,0.20652173913043478,0.08260869565217391,413,8.359,outputs/qlora_beads_full/adapter,2026-05-19T22:32:08.616658+00:00,2026-05-20T00:11:13.071459+00:00,,g023,119304,dc43cc19a568ba964d81e6751db20799371fc692f945d4fb87e18a69620c14c7,b7f5952b3b12fd0ab7a674008e850935c8634393e99bd662ce976ae5223145d4,non-biased,biased
qlora_beads_full__on__beads,beads,beads,False,meta-llama/Llama-3.1-8B-Instruct,27263,3.0,16,512,0.0002,99.074,14.571,13.759,41943040,1.1558213279653975,0.7987089201877934,0.797938144329897,0.798705991194472,0.7998228520814881,0.7960622979723773,6816,181.478,outputs/qlora_beads_full/adapter,2026-05-19T22:32:08.616658+00:00,2026-05-20T00:11:13.071459+00:00,,g023,119304,dc43cc19a568ba964d81e6751db20799371fc692f945d4fb87e18a69620c14c7,b7f5952b3b12fd0ab7a674008e850935c8634393e99bd662ce976ae5223145d4,non-biased,biased
qlora_beads_full__on__cajcodes,beads,cajcodes,False,meta-llama/Llama-3.1-8B-Instruct,27263,3.0,16,512,0.0002,99.074,14.571,13.759,41943040,1.1558213279653975,0.6666666666666666,0.8,0.4,0.6875,0.9565217391304348,66,1.375,outputs/qlora_beads_full/adapter,2026-05-19T22:32:08.616658+00:00,2026-05-20T00:11:13.071459+00:00,,g023,119304,dc43cc19a568ba964d81e6751db20799371fc692f945d4fb87e18a69620c14c7,b7f5952b3b12fd0ab7a674008e850935c8634393e99bd662ce976ae5223145d4,non-biased,biased
qlora_beads_full__on__wnc,beads,wnc,False,meta-llama/Llama-3.1-8B-Instruct,27263,3.0,16,512,0.0002,99.074,14.571,13.759,41943040,1.1558213279653975,0.4617335386287474,0.5112262521588946,0.4561573163444881,0.46814279258924535,0.5630434782608695,11041,189.152,outputs/qlora_beads_full/adapter,2026-05-19T22:32:08.616658+00:00,2026-05-20T00:11:13.071459+00:00,,g023,119304,dc43cc19a568ba964d81e6751db20799371fc692f945d4fb87e18a69620c14c7,b7f5952b3b12fd0ab7a674008e850935c8634393e99bd662ce976ae5223145d4,non-biased,biased
qlora_wnc_full,wnc,wnc,False,meta-llama/Llama-3.1-8B-Instruct,27263,3.0,16,512,0.0002,97.645,13.533,13.96,41943040,0.67850294084243,0.7339009147722126,0.725317875841436,0.7336408455265497,0.749420401854714,0.7027173913043478,11041,188.381,outputs/qlora_wnc_full/adapter,2026-05-19T22:32:28.794259+00:00,2026-05-20T00:10:07.516535+00:00,,g003,119305,3f031a54a584b0c79f3c7aecd5f09d02ccc24806bf513db7748688af9418ddcf,cdd6b20290dfc0e674aca33148c4f9cbbdc2024d679a4a35d2083a0eb664432a,non-biased,biased
qlora_wnc_full__on__babe,wnc,babe,False,meta-llama/Llama-3.1-8B-Instruct,27263,3.0,16,512,0.0002,97.645,13.533,13.96,41943040,0.67850294084243,0.7602905569007264,0.8070175438596491,0.7453618070735946,0.7314487632508834,0.9,413,8.392,outputs/qlora_wnc_full/adapter,2026-05-19T22:32:28.794259+00:00,2026-05-20T00:10:07.516535+00:00,,g003,119305,3f031a54a584b0c79f3c7aecd5f09d02ccc24806bf513db7748688af9418ddcf,cdd6b20290dfc0e674aca33148c4f9cbbdc2024d679a4a35d2083a0eb664432a,non-biased,biased
qlora_wnc_full__on__beads,wnc,beads,False,meta-llama/Llama-3.1-8B-Instruct,27263,3.0,16,512,0.0002,97.645,13.533,13.96,41943040,0.67850294084243,0.4069835680751174,0.453931369900027,0.4025676111137374,0.42010502625656415,0.49368204525418746,6816,183.226,outputs/qlora_wnc_full/adapter,2026-05-19T22:32:28.794259+00:00,2026-05-20T00:10:07.516535+00:00,,g003,119305,3f031a54a584b0c79f3c7aecd5f09d02ccc24806bf513db7748688af9418ddcf,cdd6b20290dfc0e674aca33148c4f9cbbdc2024d679a4a35d2083a0eb664432a,non-biased,biased
qlora_wnc_full__on__cajcodes,wnc,cajcodes,False,meta-llama/Llama-3.1-8B-Instruct,27263,3.0,16,512,0.0002,97.645,13.533,13.96,41943040,0.67850294084243,0.5757575757575758,0.7142857142857143,0.44537815126050423,0.6730769230769231,0.7608695652173914,66,1.352,outputs/qlora_wnc_full/adapter,2026-05-19T22:32:28.794259+00:00,2026-05-20T00:10:07.516535+00:00,,g003,119305,3f031a54a584b0c79f3c7aecd5f09d02ccc24806bf513db7748688af9418ddcf,cdd6b20290dfc0e674aca33148c4f9cbbdc2024d679a4a35d2083a0eb664432a,non-biased,biased
qlora_wnc_full__on__wnc,wnc,wnc,False,meta-llama/Llama-3.1-8B-Instruct,27263,3.0,16,512,0.0002,97.645,13.533,13.96,41943040,0.67850294084243,0.7339009147722126,0.725317875841436,0.7336408455265497,0.749420401854714,0.7027173913043478,11041,191.186,outputs/qlora_wnc_full/adapter,2026-05-19T22:32:28.794259+00:00,2026-05-20T00:10:07.516535+00:00,,g003,119305,3f031a54a584b0c79f3c7aecd5f09d02ccc24806bf513db7748688af9418ddcf,cdd6b20290dfc0e674aca33148c4f9cbbdc2024d679a4a35d2083a0eb664432a,non-biased,biased
